<?xml version="1.0" encoding="UTF-8"?><collection xmlns="http://www.loc.gov/MARC21/slim"><record><leader>00623nam--2200217-u-4500</leader><controlfield tag="001">000053321</controlfield><controlfield tag="002">20161230</controlfield><controlfield tag="005">20161230201051</controlfield><controlfield tag="008">110311s1000------------r-----000-0-eng-d</controlfield><datafield ind1=" " ind2=" " tag="020"><subfield code="a">0817641386</subfield></datafield><datafield ind1=" " ind2=" " tag="040"><subfield code="a">IFIN-HH</subfield></datafield><datafield ind1=" " ind2=" " tag="080"><subfield code="a">517.98</subfield></datafield><datafield ind1="1" ind2=" " tag="100"><subfield code="a">Faraut, Jacques</subfield></datafield><datafield ind1="1" ind2="0" tag="245"><subfield code="a">Analysis and geometry on complex homogeneous domains</subfield><subfield code="c">Jacques faraut; soji kaneyuki; adam koranyi; qi-keng lu; guy roos</subfield></datafield><datafield ind1=" " ind2=" " tag="260"><subfield code="a">Boston</subfield><subfield code="b">Birkhauser</subfield><subfield code="c">2000</subfield></datafield><datafield ind1=" " ind2=" " tag="300"><subfield code="a">540P</subfield></datafield><datafield ind1=" " ind2=" " tag="490"><subfield code="a">Progress In Mathematics</subfield><subfield code="v">Vol. 185</subfield></datafield><datafield ind1=" " ind2="4" tag="650"><subfield code="a">Geometry</subfield></datafield><datafield ind1="1" ind2=" " tag="700"><subfield code="a">Roos, Guy</subfield></datafield><datafield ind1=" " ind2=" " tag="852"><subfield code="a">81436</subfield><subfield code="c">519.4/5</subfield></datafield><datafield ind1=" " ind2=" " tag="CAT"><subfield code="a">Sys</subfield><subfield code="c">20110311</subfield><subfield code="h">124022</subfield></datafield></record></collection>